<?xml version="1.0" encoding="UTF-8"?>
<collection xmlns:xsi="http://www.w3.org/2001/XMLSchema-instance" xsi:schemaLocation="http://www.loc.gov/MARC21/slim http://www.loc.gov/standards/marcxml/schema/MARC21slim.xsd" xmlns="http://www.loc.gov/MARC21/slim">
<record>
  <leader>00861cam a2200265M  4500</leader>
  <controlfield tag="001">2678089</controlfield>
  <controlfield tag="003">NNC</controlfield>
  <controlfield tag="005">20030429134722.0</controlfield>
  <controlfield tag="008">890401s1963    iq ch    b    000 0 ara d</controlfield>
  <datafield tag="010" ind1=" " ind2=" ">
    <subfield code="a">ne 64002606 </subfield>
  </datafield>
  <datafield tag="035" ind1=" " ind2=" ">
    <subfield code="a">(OCoLC)ocm23513525</subfield>
  </datafield>
  <datafield tag="035" ind1=" " ind2=" ">
    <subfield code="9">ARC6848CU</subfield>
  </datafield>
  <datafield tag="040" ind1=" " ind2=" ">
    <subfield code="a">EYM</subfield>
    <subfield code="c">EYM</subfield>
    <subfield code="d">CUY</subfield>
    <subfield code="d">ZCU</subfield>
  </datafield>
  <datafield tag="043" ind1=" " ind2=" ">
    <subfield code="a">a-iq---</subfield>
  </datafield>
  <datafield tag="050" ind1="0" ind2=" ">
    <subfield code="a">DS79</subfield>
    <subfield code="b">.F36 (Orien Arab)</subfield>
  </datafield>
  <datafield tag="099" ind1=" " ind2=" ">
    <subfield code="a">956</subfield>
    <subfield code="a">F296</subfield>
  </datafield>
  <datafield tag="100" ind1="1" ind2=" ">
    <subfield code="a">Fayyāḍ, ʻAbd Allāh.</subfield>
  </datafield>
  <datafield tag="245" ind1="1" ind2="3">
    <subfield code="a">al-Thawrah al-ʻIrāqīyah al-kubrá sanat 1920,</subfield>
    <subfield code="c">taʾlīf ʻAbd Allāh al-Fayyāḍ.</subfield>
  </datafield>
  <datafield tag="260" ind1=" " ind2=" ">
    <subfield code="a">Baghdād,</subfield>
    <subfield code="b">Maṭbaʻat al-Irshād,</subfield>
    <subfield code="c">1963.</subfield>
  </datafield>
  <datafield tag="300" ind1=" " ind2=" ">
    <subfield code="a">4, 390 p.</subfield>
    <subfield code="b">facsims., port.</subfield>
    <subfield code="c">24 cm.</subfield>
  </datafield>
  <datafield tag="504" ind1=" " ind2=" ">
    <subfield code="a">Includes bibliographical references (p. 375-381).</subfield>
  </datafield>
  <datafield tag="500" ind1=" " ind2=" ">
    <subfield code="a">Added t.p.: The Iraqi revolution of 1920.</subfield>
  </datafield>
  <datafield tag="651" ind1=" " ind2="0">
    <subfield code="a">Iraq</subfield>
    <subfield code="x">History</subfield>
    <subfield code="y">Revolt, 1920.</subfield>
  </datafield>
  <datafield tag="740" ind1="0" ind2="1">
    <subfield code="a">Iraqi revolution of 1920.</subfield>
  </datafield>
  <datafield tag="955" ind1=" " ind2=" ">
    <subfield code="b">0111811650</subfield>
    <subfield code="d">glx</subfield>
    <subfield code="e">956 F296</subfield>
  </datafield>
</record>
</collection>